@book{hamblin_oceanographers_2011,
    title = {{Oceanographers and the {\{}Cold{\}} {\{}War{\}}: {\{}Disciples{\}} of {\{}Marine{\}} {\{}Science{\}}}},
    year = {2011},
    author = {Hamblin, J D},
    publisher = {University of Washington Press},
    url = {https://books.google.com/books?id=9FVFaWr5qugC},
    isbn = {978-0-295-80185-8}
}

@book{zull_art_2002,
    title = {{The {\{}Art{\}} of {\{}Changing{\}} the {\{}Brain{\}}: {\{}Enriching{\}} the {\{}Practice{\}} of {\{}Teaching{\}} by {\{}Exploring{\}} the {\{}Biology{\}} of {\{}Learning{\}}}},
    shorttitle = {The {\{}Art{\}} of {\{}Changing{\}} the {\{}Brain{\}}},
    year = {2002},
    author = {Zull, James E},
    edition = {1 edition},
    month = {10},
    publisher = {Stylus Publishing},
    address = {Sterling, Va},
    isbn = {978-1-57922-054-9}
}

@article{Carey2016GlaciersScience,
    title = {{Glaciers, gender, and science}},
    year = {2016},
    journal = {Progress in Human Geography},
    author = {Carey, Mark and Jackson, M. and Antonello, Alessandro and Rushing, Jaclyn},
    number = {6},
    month = {12},
    pages = {770--793},
    volume = {40},
    publisher = {SAGE PublicationsSage UK: London, England},
    url = {http://journals.sagepub.com/doi/10.1177/0309132515623368},
    doi = {10.1177/0309132515623368},
    issn = {0309-1325},
    keywords = {feminist glaciology, feminist political ecology, feminist postcolonial science studies, folk glaciology, glacier impacts, glaciers and society}
}

@book{Lopez2008MattersFreedom,
    title = {{Matters of choice : Puerto Rican women's struggle for reproductive freedom}},
    year = {2008},
    author = {LoÃÅpez, Iris Ofelia.},
    pages = {184},
    publisher = {Rutgers University Press},
    isbn = {0813543738}
}

@article{FengquiLiLeiLiXiuqinWang2002WaterSea,
    title = {{Water Masses in the South China Sea and Water Exchange between the Pacific and the South China Sea}},
    year = {2002},
    journal = {Journal of OCean University of Quingdao},
    author = {Fengqui Li, Lei Li, Xiuqin Wang,, Changle Liu}
}